%% This BibTeX bibliography file was created using BibDesk.
%% http://bibdesk.sourceforge.net/

%% Created for Gordon Williams at 2021-09-02 08:23:09 -0800 


%% Saved with string encoding Unicode (UTF-8) 



@article{GleHub18,
	author = {Gleason, Ian and Hubard, Isabel},
	date-added = {2021-09-02 08:23:05 -0800},
	date-modified = {2021-09-02 08:23:05 -0800},
	doi = {10.1016/j.jcta.2018.02.002},
	fjournal = {Journal of Combinatorial Theory. Series A},
	issn = {0097-3165},
	journal = {J. Combin. Theory Ser. A},
	mrclass = {52B05},
	mrnumber = {3780416},
	mrreviewer = {Peter A. Brooksbank},
	pages = {287--320},
	title = {Products of abstract polytopes},
	url = {https://mathscinet-ams-org.uaf.idm.oclc.org/mathscinet-getitem?mr=3780416},
	volume = {157},
	year = {2018},
	Bdsk-Url-1 = {https://mathscinet-ams-org.uaf.idm.oclc.org/mathscinet-getitem?mr=3780416}}

@article{Pel18,
	author = {Pellicer, Daniel},
	date-added = {2021-09-02 08:10:42 -0800},
	date-modified = {2021-09-02 08:10:42 -0800},
	doi = {10.1007/s00493-016-3518-3},
	fjournal = {Combinatorica. An International Journal on Combinatorics and the Theory of Computing},
	issn = {0209-9683},
	journal = {Combinatorica},
	mrclass = {52B15 (05E45 06A07 06A11 52B05)},
	mrnumber = {3876881},
	mrreviewer = {Peter A. Brooksbank},
	number = {3},
	pages = {709--737},
	title = {Cleaved abstract polytopes},
	url = {https://mathscinet-ams-org.proxy.library.uaf.edu/mathscinet-getitem?mr=3876881},
	volume = {38},
	year = {2018},
	Bdsk-File-1 = {YnBsaXN0MDDSAQIDBFxyZWxhdGl2ZVBhdGhZYWxpYXNEYXRhXxAnUGVsbGljZXIvQ2xlYXZlZCBhYnN0cmFjdCBwb2x5dG9wZXMucGRmTxEBuAAAAAABuAACAAAGUGV0cmllAAAAAAAAAAAAAAAAAAAAAAAAAAAAAAAAAEJEAAH/////HkNsZWF2ZWQgYWJzdHJhY3QgcG9seXRvcGVzLnBkZgAAAAAAAAAAAAAAAAAAAAAAAAAAAAAAAAAAAAAAAAAAAP////8AAAAAAAAAAAAAAAAAAQADAAAKIGN1AAAAAAAAAAAAAAAAAAhQZWxsaWNlcgACAFUvOlVzZXJzOmdvcmRvbjpEb2N1bWVudHM6UmVzZWFyY2hCaWJsaW9ncmFwaHk6UGVsbGljZXI6Q2xlYXZlZCBhYnN0cmFjdCBwb2x5dG9wZXMucGRmAAAOAD4AHgBDAGwAZQBhAHYAZQBkACAAYQBiAHMAdAByAGEAYwB0ACAAcABvAGwAeQB0AG8AcABlAHMALgBwAGQAZgAPAA4ABgBQAGUAdAByAGkAZQASAFNVc2Vycy9nb3Jkb24vRG9jdW1lbnRzL1Jlc2VhcmNoQmlibGlvZ3JhcGh5L1BlbGxpY2VyL0NsZWF2ZWQgYWJzdHJhY3QgcG9seXRvcGVzLnBkZgAAEwABLwAAFQACAA3//wAAAAgADQAaACQATgAAAAAAAAIBAAAAAAAAAAUAAAAAAAAAAAAAAAAAAAIK},
	Bdsk-File-2 = {YnBsaXN0MDDSAQIDBFxyZWxhdGl2ZVBhdGhZYWxpYXNEYXRhXxA6Li4vLi4vLi4vLi4vLi4vLi4vRG9jdW1lbnRzL1Jlc2VhcmNoQmlibGlvZ3JhcGh5L1BlbDE4LnBkZk8RAV4AAAAAAV4AAgAABlBldHJpZQAAAAAAAAAAAAAAAAAAAAAAAAAAAAAAAABCRAAB/////wlQZWwxOC5wZGYAAAAAAAAAAAAAAAAAAAAAAAAAAAAAAAAAAAAAAAAAAAAAAAAAAAAAAAAAAAAAAAAAAAAAAAD/////AAAAAAAAAAAAAAAAAAYAAwAACiBjdQAAAAAAAAAAAAAAAAAUUmVzZWFyY2hCaWJsaW9ncmFwaHkAAgA3LzpVc2Vyczpnb3Jkb246RG9jdW1lbnRzOlJlc2VhcmNoQmlibGlvZ3JhcGh5OlBlbDE4LnBkZgAADgAUAAkAUABlAGwAMQA4AC4AcABkAGYADwAOAAYAUABlAHQAcgBpAGUAEgA1VXNlcnMvZ29yZG9uL0RvY3VtZW50cy9SZXNlYXJjaEJpYmxpb2dyYXBoeS9QZWwxOC5wZGYAABMAAS8AABUAAgAN//8AAAAIAA0AGgAkAGEAAAAAAAACAQAAAAAAAAAFAAAAAAAAAAAAAAAAAAABww==},
	Bdsk-Url-1 = {https://mathscinet-ams-org.proxy.library.uaf.edu/mathscinet-getitem?mr=3876881},
	Bdsk-Url-2 = {https://doi.org/10.1007/s00493-016-3518-3}}
